<record><leader>00000cas a22000007a 4500</leader><controlfield tag="001">15238064</controlfield><controlfield tag="008">870225d18801883inuwr ne      0    0eng d</controlfield><datafield ind1=" " ind2=" " tag="010"><subfield code="a">sn 87055152 </subfield></datafield><datafield ind1=" " ind2=" " tag="040"><subfield code="a">NPI</subfield><subfield code="b">eng</subfield><subfield code="c">NPI</subfield><subfield code="d">OCLCQ</subfield></datafield><datafield ind1=" " ind2=" " tag="042"><subfield code="a">msc</subfield></datafield><datafield ind1="0" ind2="0" tag="245"><subfield code="a">Parke County signal.</subfield></datafield><datafield ind1=" " ind2=" " tag="260"><subfield code="a">Rockville, Ind. :</subfield><subfield code="b">Wm. E. Henkel,</subfield><subfield code="c">-1883.</subfield></datafield><datafield ind1=" " ind2=" " tag="310"><subfield code="a">Weekly</subfield></datafield><datafield ind1="1" ind2=" " tag="362"><subfield code="a">Began with Aug. 14, 1880 issue.</subfield></datafield><datafield ind1="0" ind2=" " tag="362"><subfield code="a">-v. 3, no. 52 (Aug. 4, 1883).</subfield></datafield><datafield ind1=" " ind2=" " tag="588"><subfield code="a">Description based on: Vol. 2, no. 27 (Apr. 15, 1882).</subfield></datafield><datafield ind1=" " ind2=" " tag="752"><subfield code="a">United States</subfield><subfield code="b">Indiana</subfield><subfield code="c">Parke</subfield><subfield code="d">Rockville.</subfield></datafield><datafield ind1="0" ind2="0" tag="785"><subfield code="t">Rockville Saturday eagle</subfield><subfield code="w">(DLC)sn 87055153</subfield></datafield></record>